@book{3DMotion, 
     title={3D Motion of Rigid Bodies}, 
     publisher={Springer},
     author={Ernesto Olguín-Díaz},
     year={2019}
     }

@book{rigid_multibody, 
     title={Rigid Multibody Systems Dynamics}, 
     publisher={CINVESTAV},
     author={Ernesto Olguín-Díaz},
     year={2021}
     }

 @misc{matlabFunctionBlock,
     title={Convert symbolic expression to MATLAB function block}, 
     url={https://la.mathworks.com/help/symbolic/matlabfunctionblock.html?s_tid=doc_ta}, 
     journal={Convert symbolic expression to MATLAB function block - MATLAB matlabFunctionBlock - MathWorks América Latina},
     publisher={MATLAB},
     year={2009}
     } 